@book{Nosaka2011,
    title = {{1.17 - Solar Cells and Photocatalysts}},
    year = {2011},
    author = {Nosaka, Y},
    pages = {571--605},
    publisher = {Elsevier B.V.},
    issn = {978-0-12-374396-1},
    keywords = {Dye, Hydrogen production, Nanostructure, Photocatalyst, Photoelectrochemistry, Quantum dot, Semiconductor, Sensitization, Size effect, Solar cells, Water decomposition}
}

@book{Nosaka2011b,
    title = {{1.17 - Solar Cells and Photocatalysts}},
    year = {2011},
    author = {Nosaka, Y},
    pages = {571--605},
    publisher = {Elsevier B.V.},
    issn = {978-0-12-374396-1},
    keywords = {Dye, Hydrogen production, Nanostructure, Photocatalyst, Photoelectrochemistry, Quantum dot, Semiconductor, Sensitization, Size effect, Solar cells, Water decomposition}
}

@book{Nosaka2011c,
    title = {{1.17 - Solar Cells and Photocatalysts}},
    year = {2011},
    author = {Nosaka, Y},
    pages = {571--605},
    publisher = {Elsevier B.V.},
    issn = {978-0-12-374396-1},
    keywords = {Dye, Hydrogen production, Nanostructure, Photocatalyst, Photoelectrochemistry, Quantum dot, Semiconductor, Sensitization, Size effect, Solar cells, Water decomposition}
}

@book{Nosaka2011d,
    title = {{1.17 - Solar Cells and Photocatalysts}},
    year = {2011},
    author = {Nosaka, Y},
    pages = {571--605},
    publisher = {Elsevier B.V.},
    issn = {978-0-12-374396-1},
    keywords = {Dye, Hydrogen production, Nanostructure, Photocatalyst, Photoelectrochemistry, Quantum dot, Semiconductor, Sensitization, Size effect, Solar cells, Water decomposition}
}

@article{Kalyanasundaram2010a,
    title = {{Artificial photosynthesis: Biomimetic approaches to solar energy conversion and storage}},
    year = {2010},
    journal = {Current Opinion in Biotechnology},
    author = {Kalyanasundaram, K and Graetzel, M},
    number = {3},
    pages = {298--310},
    volume = {21},
    url = {https://www.scopus.com/inward/record.uri?eid=2-s2.0-77953359860&doi=10.1016%2Fj.copbio.2010.03.021&partnerID=40&md5=0c4c6d47fae2ec35538f107236feffb3},
    address = {Laboratoire de Photonique et Interfaces (LPI), Ecole Polytechnique F{\'{e}}d{\'{e}}rale de Lausanne (EPFL), CH-1015 Lausanne, Switzerland},
    issn = {09581669 (ISSN)},
    keywords = {Artificial photosynthesis, Biomimetics, Catalytic oxidation, Catalytic system, Chlorophyll, Direct conversion, Energy conversion, Energy source, High energy, Key process, Methane, Methanol, Methanol fuels, Model system, Molecular oxygen, Multi-electron, Photochemical Processes, Photoelectrochemical solar cell, Photosynthesis, Porphyrins, Solar Energy, Solar cells, Solar energy, Solar radiation, Sugar (sucrose), Water resources, adenosine triphosphate, biomimetics, carbon dioxide, carbon fixation, chemical structure, copper, covalent bond, decomposition, electricity, electrochemical analysis, electrolysis, electron transport, energy conservation, energy conversion, gallium, indium, methane, methanol, oxidation reduction state, photochemistry, photosynthesis, photosystem I, photosystem II, phthalocyanine derivative, porphyrin, priority journal, reduced nicotinamide adenine dinucleotide phospha, review, solar energy, solar radiation, sulfide, sunlight}
}

@article{Kalyanasundaram2010,
    title = {{Artificial photosynthesis: Biomimetic approaches to solar energy conversion and storage}},
    year = {2010},
    journal = {Current Opinion in Biotechnology},
    author = {Kalyanasundaram, K and Graetzel, M},
    number = {3},
    pages = {298--310},
    volume = {21},
    url = {https://www.scopus.com/inward/record.uri?eid=2-s2.0-77953359860&doi=10.1016%2Fj.copbio.2010.03.021&partnerID=40&md5=0c4c6d47fae2ec35538f107236feffb3},
    address = {Laboratoire de Photonique et Interfaces (LPI), Ecole Polytechnique F{\'{e}}d{\'{e}}rale de Lausanne (EPFL), CH-1015 Lausanne, Switzerland},
    issn = {09581669 (ISSN)},
    keywords = {Artificial photosynthesis, Biomimetics, Catalytic oxidation, Catalytic system, Chlorophyll, Direct conversion, Energy conversion, Energy source, High energy, Key process, Methane, Methanol, Methanol fuels, Model system, Molecular oxygen, Multi-electron, Photochemical Processes, Photoelectrochemical solar cell, Photosynthesis, Porphyrins, Solar Energy, Solar cells, Solar energy, Solar radiation, Sugar (sucrose), Water resources, adenosine triphosphate, biomimetics, carbon dioxide, carbon fixation, chemical structure, copper, covalent bond, decomposition, electricity, electrochemical analysis, electrolysis, electron transport, energy conservation, energy conversion, gallium, indium, methane, methanol, oxidation reduction state, photochemistry, photosynthesis, photosystem I, photosystem II, phthalocyanine derivative, porphyrin, priority journal, reduced nicotinamide adenine dinucleotide phospha, review, solar energy, solar radiation, sulfide, sunlight}
}

@article{Kalyanasundaram2010ab,
    title = {{Artificial photosynthesis: Biomimetic approaches to solar energy conversion and storage}},
    year = {2010},
    journal = {Current Opinion in Biotechnology},
    author = {Kalyanasundaram, K and Graetzel, M},
    number = {3},
    pages = {298--310},
    volume = {21},
    url = {https://www.scopus.com/inward/record.uri?eid=2-s2.0-77953359860&doi=10.1016%2Fj.copbio.2010.03.021&partnerID=40&md5=0c4c6d47fae2ec35538f107236feffb3},
    address = {Laboratoire de Photonique et Interfaces (LPI), Ecole Polytechnique F{\'{e}}d{\'{e}}rale de Lausanne (EPFL), CH-1015 Lausanne, Switzerland},
    issn = {09581669 (ISSN)},
    keywords = {Artificial photosynthesis, Biomimetics, Catalytic oxidation, Catalytic system, Chlorophyll, Direct conversion, Energy conversion, Energy source, High energy, Key process, Methane, Methanol, Methanol fuels, Model system, Molecular oxygen, Multi-electron, Photochemical Processes, Photoelectrochemical solar cell, Photosynthesis, Porphyrins, Solar Energy, Solar cells, Solar energy, Solar radiation, Sugar (sucrose), Water resources, adenosine triphosphate, biomimetics, carbon dioxide, carbon fixation, chemical structure, copper, covalent bond, decomposition, electricity, electrochemical analysis, electrolysis, electron transport, energy conservation, energy conversion, gallium, indium, methane, methanol, oxidation reduction state, photochemistry, photosynthesis, photosystem I, photosystem II, phthalocyanine derivative, porphyrin, priority journal, reduced nicotinamide adenine dinucleotide phospha, review, solar energy, solar radiation, sulfide, sunlight}
}

@article{Kalyanasundaram2010b,
    title = {{Artificial photosynthesis: Biomimetic approaches to solar energy conversion and storage}},
    year = {2010},
    journal = {Current Opinion in Biotechnology},
    author = {Kalyanasundaram, K and Graetzel, M},
    number = {3},
    pages = {298--310},
    volume = {21},
    url = {https://www.scopus.com/inward/record.uri?eid=2-s2.0-77953359860&doi=10.1016%2Fj.copbio.2010.03.021&partnerID=40&md5=0c4c6d47fae2ec35538f107236feffb3},
    address = {Laboratoire de Photonique et Interfaces (LPI), Ecole Polytechnique F{\'{e}}d{\'{e}}rale de Lausanne (EPFL), CH-1015 Lausanne, Switzerland},
    issn = {09581669 (ISSN)},
    keywords = {Artificial photosynthesis, Biomimetics, Catalytic oxidation, Catalytic system, Chlorophyll, Direct conversion, Energy conversion, Energy source, High energy, Key process, Methane, Methanol, Methanol fuels, Model system, Molecular oxygen, Multi-electron, Photochemical Processes, Photoelectrochemical solar cell, Photosynthesis, Porphyrins, Solar Energy, Solar cells, Solar energy, Solar radiation, Sugar (sucrose), Water resources, adenosine triphosphate, biomimetics, carbon dioxide, carbon fixation, chemical structure, copper, covalent bond, decomposition, electricity, electrochemical analysis, electrolysis, electron transport, energy conservation, energy conversion, gallium, indium, methane, methanol, oxidation reduction state, photochemistry, photosynthesis, photosystem I, photosystem II, phthalocyanine derivative, porphyrin, priority journal, reduced nicotinamide adenine dinucleotide phospha, review, solar energy, solar radiation, sulfide, sunlight}
}

@article{Kalyanasundaram2010ac,
    title = {{Artificial photosynthesis: Biomimetic approaches to solar energy conversion and storage}},
    year = {2010},
    journal = {Current Opinion in Biotechnology},
    author = {Kalyanasundaram, K and Graetzel, M},
    number = {3},
    pages = {298--310},
    volume = {21},
    url = {https://www.scopus.com/inward/record.uri?eid=2-s2.0-77953359860&doi=10.1016%2Fj.copbio.2010.03.021&partnerID=40&md5=0c4c6d47fae2ec35538f107236feffb3},
    address = {Laboratoire de Photonique et Interfaces (LPI), Ecole Polytechnique F{\'{e}}d{\'{e}}rale de Lausanne (EPFL), CH-1015 Lausanne, Switzerland},
    issn = {09581669 (ISSN)},
    keywords = {Artificial photosynthesis, Biomimetics, Catalytic oxidation, Catalytic system, Chlorophyll, Direct conversion, Energy conversion, Energy source, High energy, Key process, Methane, Methanol, Methanol fuels, Model system, Molecular oxygen, Multi-electron, Photochemical Processes, Photoelectrochemical solar cell, Photosynthesis, Porphyrins, Solar Energy, Solar cells, Solar energy, Solar radiation, Sugar (sucrose), Water resources, adenosine triphosphate, biomimetics, carbon dioxide, carbon fixation, chemical structure, copper, covalent bond, decomposition, electricity, electrochemical analysis, electrolysis, electron transport, energy conservation, energy conversion, gallium, indium, methane, methanol, oxidation reduction state, photochemistry, photosynthesis, photosystem I, photosystem II, phthalocyanine derivative, porphyrin, priority journal, reduced nicotinamide adenine dinucleotide phospha, review, solar energy, solar radiation, sulfide, sunlight}
}

@article{Kalyanasundaram2010c,
    title = {{Artificial photosynthesis: Biomimetic approaches to solar energy conversion and storage}},
    year = {2010},
    journal = {Current Opinion in Biotechnology},
    author = {Kalyanasundaram, K and Graetzel, M},
    number = {3},
    pages = {298--310},
    volume = {21},
    url = {https://www.scopus.com/inward/record.uri?eid=2-s2.0-77953359860&doi=10.1016%2Fj.copbio.2010.03.021&partnerID=40&md5=0c4c6d47fae2ec35538f107236feffb3},
    address = {Laboratoire de Photonique et Interfaces (LPI), Ecole Polytechnique F{\'{e}}d{\'{e}}rale de Lausanne (EPFL), CH-1015 Lausanne, Switzerland},
    issn = {09581669 (ISSN)},
    keywords = {Artificial photosynthesis, Biomimetics, Catalytic oxidation, Catalytic system, Chlorophyll, Direct conversion, Energy conversion, Energy source, High energy, Key process, Methane, Methanol, Methanol fuels, Model system, Molecular oxygen, Multi-electron, Photochemical Processes, Photoelectrochemical solar cell, Photosynthesis, Porphyrins, Solar Energy, Solar cells, Solar energy, Solar radiation, Sugar (sucrose), Water resources, adenosine triphosphate, biomimetics, carbon dioxide, carbon fixation, chemical structure, copper, covalent bond, decomposition, electricity, electrochemical analysis, electrolysis, electron transport, energy conservation, energy conversion, gallium, indium, methane, methanol, oxidation reduction state, photochemistry, photosynthesis, photosystem I, photosystem II, phthalocyanine derivative, porphyrin, priority journal, reduced nicotinamide adenine dinucleotide phospha, review, solar energy, solar radiation, sulfide, sunlight}
}

@article{Kalyanasundaram2010d,
    title = {{Artificial photosynthesis: Biomimetic approaches to solar energy conversion and storage}},
    year = {2010},
    journal = {Current Opinion in Biotechnology},
    author = {Kalyanasundaram, K and Graetzel, M},
    number = {3},
    pages = {298--310},
    volume = {21},
    url = {https://www.scopus.com/inward/record.uri?eid=2-s2.0-77953359860&doi=10.1016%2Fj.copbio.2010.03.021&partnerID=40&md5=0c4c6d47fae2ec35538f107236feffb3},
    address = {Laboratoire de Photonique et Interfaces (LPI), Ecole Polytechnique F{\'{e}}d{\'{e}}rale de Lausanne (EPFL), CH-1015 Lausanne, Switzerland},
    issn = {09581669 (ISSN)},
    keywords = {Artificial photosynthesis, Biomimetics, Catalytic oxidation, Catalytic system, Chlorophyll, Direct conversion, Energy conversion, Energy source, High energy, Key process, Methane, Methanol, Methanol fuels, Model system, Molecular oxygen, Multi-electron, Photochemical Processes, Photoelectrochemical solar cell, Photosynthesis, Porphyrins, Solar Energy, Solar cells, Solar energy, Solar radiation, Sugar (sucrose), Water resources, adenosine triphosphate, biomimetics, carbon dioxide, carbon fixation, chemical structure, copper, covalent bond, decomposition, electricity, electrochemical analysis, electrolysis, electron transport, energy conservation, energy conversion, gallium, indium, methane, methanol, oxidation reduction state, photochemistry, photosynthesis, photosystem I, photosystem II, phthalocyanine derivative, porphyrin, priority journal, reduced nicotinamide adenine dinucleotide phospha, review, solar energy, solar radiation, sulfide, sunlight}
}

@article{Kalyanasundaram2010ad,
    title = {{Artificial photosynthesis: Biomimetic approaches to solar energy conversion and storage}},
    year = {2010},
    journal = {Current Opinion in Biotechnology},
    author = {Kalyanasundaram, K and Graetzel, M},
    number = {3},
    pages = {298--310},
    volume = {21},
    url = {https://www.scopus.com/inward/record.uri?eid=2-s2.0-77953359860&doi=10.1016%2Fj.copbio.2010.03.021&partnerID=40&md5=0c4c6d47fae2ec35538f107236feffb3},
    address = {Laboratoire de Photonique et Interfaces (LPI), Ecole Polytechnique F{\'{e}}d{\'{e}}rale de Lausanne (EPFL), CH-1015 Lausanne, Switzerland},
    issn = {09581669 (ISSN)},
    keywords = {Artificial photosynthesis, Biomimetics, Catalytic oxidation, Catalytic system, Chlorophyll, Direct conversion, Energy conversion, Energy source, High energy, Key process, Methane, Methanol, Methanol fuels, Model system, Molecular oxygen, Multi-electron, Photochemical Processes, Photoelectrochemical solar cell, Photosynthesis, Porphyrins, Solar Energy, Solar cells, Solar energy, Solar radiation, Sugar (sucrose), Water resources, adenosine triphosphate, biomimetics, carbon dioxide, carbon fixation, chemical structure, copper, covalent bond, decomposition, electricity, electrochemical analysis, electrolysis, electron transport, energy conservation, energy conversion, gallium, indium, methane, methanol, oxidation reduction state, photochemistry, photosynthesis, photosystem I, photosystem II, phthalocyanine derivative, porphyrin, priority journal, reduced nicotinamide adenine dinucleotide phospha, review, solar energy, solar radiation, sulfide, sunlight}
}

@article{Dey2007,
    title = {{Chemical Reduction of CO2 to Different Products during Photo Catalytic Reaction on TiO2 under Diverse Conditions: an Overview}},
    year = {2007},
    author = {Dey, G R},
    number = {3},
    month = {9},
    pages = {217--226},
    volume = {16},
    url = {http://www.sciencedirect.com/science/article/pii/S1003995307600528},
    issn = {1003-9953},
    keywords = {CH, CO, CO chemical reduction, H, TiO, hole scavenger, photolysis}
}

@article{Dey2007b,
    title = {{Chemical Reduction of CO2 to Different Products during Photo Catalytic Reaction on TiO2 under Diverse Conditions: an Overview}},
    year = {2007},
    author = {Dey, G R},
    number = {3},
    month = {9},
    pages = {217--226},
    volume = {16},
    url = {http://www.sciencedirect.com/science/article/pii/S1003995307600528},
    issn = {1003-9953},
    keywords = {CH, CO, CO chemical reduction, H, TiO, hole scavenger, photolysis}
}

@article{Dey2007c,
    title = {{Chemical Reduction of CO2 to Different Products during Photo Catalytic Reaction on TiO2 under Diverse Conditions: an Overview}},
    year = {2007},
    author = {Dey, G R},
    number = {3},
    month = {9},
    pages = {217--226},
    volume = {16},
    url = {http://www.sciencedirect.com/science/article/pii/S1003995307600528},
    issn = {1003-9953},
    keywords = {CH, CO, CO chemical reduction, H, TiO, hole scavenger, photolysis}
}

@article{Dey2007d,
    title = {{Chemical Reduction of CO2 to Different Products during Photo Catalytic Reaction on TiO2 under Diverse Conditions: an Overview}},
    year = {2007},
    author = {Dey, G R},
    number = {3},
    month = {9},
    pages = {217--226},
    volume = {16},
    url = {http://www.sciencedirect.com/science/article/pii/S1003995307600528},
    issn = {1003-9953},
    keywords = {CH, CO, CO chemical reduction, H, TiO, hole scavenger, photolysis}
}

@article{Hernandez-alonso2009,
    title = {{Development of alternative photocatalysts to TiO 2 : Challenges and opportunities}},
    year = {2009},
    journal = {Energy {\&} Environmental Science},
    author = {Hern{\'{a}}ndez-alonso, María D and Fresno, Fernando and Su{\'{a}}rez, Silvia and Coronado, Juan M},
    issn = {1754-5692}
}

@article{Hernandez-alonso2009b,
    title = {{Development of alternative photocatalysts to TiO 2 : Challenges and opportunities}},
    year = {2009},
    journal = {Energy {\&} Environmental Science},
    author = {Hern{\'{a}}ndez-alonso, María D and Fresno, Fernando and Su{\'{a}}rez, Silvia and Coronado, Juan M},
    issn = {1754-5692}
}

@article{Hernandez-alonso2009c,
    title = {{Development of alternative photocatalysts to TiO 2 : Challenges and opportunities}},
    year = {2009},
    journal = {Energy {\&} Environmental Science},
    author = {Hern{\'{a}}ndez-alonso, María D and Fresno, Fernando and Su{\'{a}}rez, Silvia and Coronado, Juan M},
    issn = {1754-5692}
}

@article{Hernandez-alonso2009d,
    title = {{Development of alternative photocatalysts to TiO 2 : Challenges and opportunities}},
    year = {2009},
    journal = {Energy {\&} Environmental Science},
    author = {Hern{\'{a}}ndez-alonso, María D and Fresno, Fernando and Su{\'{a}}rez, Silvia and Coronado, Juan M},
    issn = {1754-5692}
}

@article{Hernandez-alonso2009e,
    title = {{Development of alternative photocatalysts to TiO 2 : Challenges and opportunities}},
    year = {2009},
    journal = {Energy {\&} Environmental Science},
    author = {Hern{\'{a}}ndez-alonso, María D and Fresno, Fernando and Su{\'{a}}rez, Silvia and Coronado, Juan M},
    issn = {1754-5692}
}

@article{Merka2013,
    title = {{Effects of Nonstoichiometry and Cocatalyst Loading on the Photocatalytic Hydrogen Production with ( Y 1.5 Bi 0.5 ) 1− x Ti 2 O 7−3 x and ( YBi ) 1− x Ti 2 O 7−3 x Pyrochlores}},
    year = {2013},
    journal = {Journal of the American Ceramic Society},
    author = {Merka, Oliver and Raisch, Olga and Steinbach, Frank and Bahnemann, Detlef W and Wark, Michael},
    number = {2},
    pages = {634--642},
    volume = {96},
    issn = {0002-7820}
}

@article{Merka2013b,
    title = {{Effects of Nonstoichiometry and Cocatalyst Loading on the Photocatalytic Hydrogen Production with ( Y 1.5 Bi 0.5 ) 1− x Ti 2 O 7−3 x and ( YBi ) 1− x Ti 2 O 7−3 x Pyrochlores}},
    year = {2013},
    journal = {Journal of the American Ceramic Society},
    author = {Merka, Oliver and Raisch, Olga and Steinbach, Frank and Bahnemann, Detlef W and Wark, Michael},
    number = {2},
    pages = {634--642},
    volume = {96},
    issn = {0002-7820}
}

@article{Merka2013c,
    title = {{Effects of Nonstoichiometry and Cocatalyst Loading on the Photocatalytic Hydrogen Production with ( Y 1.5 Bi 0.5 ) 1− x Ti 2 O 7−3 x and ( YBi ) 1− x Ti 2 O 7−3 x Pyrochlores}},
    year = {2013},
    journal = {Journal of the American Ceramic Society},
    author = {Merka, Oliver and Raisch, Olga and Steinbach, Frank and Bahnemann, Detlef W and Wark, Michael},
    number = {2},
    pages = {634--642},
    volume = {96},
    issn = {0002-7820}
}

@article{Tseng2004,
    title = {{Effects of sol-gel procedures on the photocatalysis of Cu/TiO2 in CO2 photoreduction}},
    year = {2004},
    author = {Tseng, I.-Hsiang and Wu, Jeffrey C S and Chou, Hsin-Ying},
    number = {2},
    pages = {432--440},
    volume = {221},
    url = {//www.sciencedirect.com/science/article/pii/S0021951703003580},
    issn = {0021-9517},
    keywords = {CO2, Cu/TiO2, EXAFS, Photoreduction, Sol-gel, XANES}
}

@article{Tseng2004b,
    title = {{Effects of sol-gel procedures on the photocatalysis of Cu/TiO2 in CO2 photoreduction}},
    year = {2004},
    author = {Tseng, I.-Hsiang and Wu, Jeffrey C S and Chou, Hsin-Ying},
    number = {2},
    pages = {432--440},
    volume = {221},
    url = {//www.sciencedirect.com/science/article/pii/S0021951703003580},
    issn = {0021-9517},
    keywords = {CO2, Cu/TiO2, EXAFS, Photoreduction, Sol-gel, XANES}
}

@article{Honda1972,
    title = {{Electrochemical photolysis of water at a semiconductor electrode}},
    year = {1972},
    journal = {Nature},
    author = {Honda, K},
    pages = {--},
    volume = {238},
    keywords = {Chemical Reactions, Decomposition, Hydrogen Compounds, Hydrogenhydrogen Production, Oxygen Compounds, Photochemical Reactions, Photolysis, Water}
}

@article{Honda1972b,
    title = {{Electrochemical photolysis of water at a semiconductor electrode}},
    year = {1972},
    journal = {Nature},
    author = {Honda, K},
    pages = {--},
    volume = {238},
    keywords = {Chemical Reactions, Decomposition, Hydrogen Compounds, Hydrogenhydrogen Production, Oxygen Compounds, Photochemical Reactions, Photolysis, Water}
}

@article{Honda1972c,
    title = {{Electrochemical photolysis of water at a semiconductor electrode}},
    year = {1972},
    journal = {Nature},
    author = {Honda, K},
    pages = {--},
    volume = {238},
    keywords = {Chemical Reactions, Decomposition, Hydrogen Compounds, Hydrogenhydrogen Production, Oxygen Compounds, Photochemical Reactions, Photolysis, Water}
}

@article{Honda1972d,
    title = {{Electrochemical photolysis of water at a semiconductor electrode}},
    year = {1972},
    journal = {Nature},
    author = {Honda, K},
    pages = {--},
    volume = {238},
    keywords = {Chemical Reactions, Decomposition, Hydrogen Compounds, Hydrogenhydrogen Production, Oxygen Compounds, Photochemical Reactions, Photolysis, Water}
}

@article{Wang2016,
    title = {{Enhancing the photocatalytic efficiency of TiO2 nanotube arrays for H2 production by using non-noble metal cobalt as co-catalyst}},
    year = {2016},
    journal = {Materials Letters},
    author = {Wang, Xiujie and Zhang, Shengsen and Peng, Biyu and Wang, Hongjuan and Yu, Hao and Peng, Feng},
    pages = {37--40},
    volume = {165},
    issn = {0167-577X},
    keywords = {Co-Catalyst, Nanoparticles, Photocatalyst, Solar Energy Materials, Tio 2 Nanotube Arrays}
}

@article{Wang2016b,
    title = {{Enhancing the photocatalytic efficiency of TiO2 nanotube arrays for H2 production by using non-noble metal cobalt as co-catalyst}},
    year = {2016},
    journal = {Materials Letters},
    author = {Wang, Xiujie and Zhang, Shengsen and Peng, Biyu and Wang, Hongjuan and Yu, Hao and Peng, Feng},
    pages = {37--40},
    volume = {165},
    issn = {0167-577X},
    keywords = {Co-Catalyst, Nanoparticles, Photocatalyst, Solar Energy Materials, Tio 2 Nanotube Arrays}
}

@article{Akhter2016,
    title = {{Environmental issues regarding CO2 and recent strategies for alternative fuels through photocatalytic reduction with titania-based materials}},
    year = {2016},
    journal = {Journal of Environmental Chemical Engineering},
    author = {Akhter, Parveen and Farkhondehfal, M Amin and Hern{\'{a}}ndez, Simelys and Hussain, Murid and Fina, Alberto and Saracco, Guido and Khan, Asad U and Russo, Nunzio},
    number = {4},
    pages = {3934--3953},
    volume = {4},
    issn = {2213-3437},
    keywords = {CO 2, Greenhouse Gas, Photocatalysis, Renewable Energy, Titania}
}

@article{Akhter2016b,
    title = {{Environmental issues regarding CO2 and recent strategies for alternative fuels through photocatalytic reduction with titania-based materials}},
    year = {2016},
    journal = {Journal of Environmental Chemical Engineering},
    author = {Akhter, Parveen and Farkhondehfal, M Amin and Hern{\'{a}}ndez, Simelys and Hussain, Murid and Fina, Alberto and Saracco, Guido and Khan, Asad U and Russo, Nunzio},
    number = {4},
    pages = {3934--3953},
    volume = {4},
    issn = {2213-3437},
    keywords = {CO 2, Greenhouse Gas, Photocatalysis, Renewable Energy, Titania}
}

@article{Akhter2016c,
    title = {{Environmental issues regarding CO2 and recent strategies for alternative fuels through photocatalytic reduction with titania-based materials}},
    year = {2016},
    journal = {Journal of Environmental Chemical Engineering},
    author = {Akhter, Parveen and Farkhondehfal, M Amin and Hern{\'{a}}ndez, Simelys and Hussain, Murid and Fina, Alberto and Saracco, Guido and Khan, Asad U and Russo, Nunzio},
    number = {4},
    pages = {3934--3953},
    volume = {4},
    issn = {2213-3437},
    keywords = {CO 2, Greenhouse Gas, Photocatalysis, Renewable Energy, Titania}
}

@article{Akhter2016d,
    title = {{Environmental issues regarding CO2 and recent strategies for alternative fuels through photocatalytic reduction with titania-based materials}},
    year = {2016},
    journal = {Journal of Environmental Chemical Engineering},
    author = {Akhter, Parveen and Farkhondehfal, M Amin and Hern{\'{a}}ndez, Simelys and Hussain, Murid and Fina, Alberto and Saracco, Guido and Khan, Asad U and Russo, Nunzio},
    number = {4},
    pages = {3934--3953},
    volume = {4},
    issn = {2213-3437},
    keywords = {CO 2, Greenhouse Gas, Photocatalysis, Renewable Energy, Titania}
}

@article{Akhter2016e,
    title = {{Environmental issues regarding CO2 and recent strategies for alternative fuels through photocatalytic reduction with titania-based materials}},
    year = {2016},
    journal = {Journal of Environmental Chemical Engineering},
    author = {Akhter, Parveen and Farkhondehfal, M Amin and Hern{\'{a}}ndez, Simelys and Hussain, Murid and Fina, Alberto and Saracco, Guido and Khan, Asad U and Russo, Nunzio},
    number = {4},
    pages = {3934--3953},
    volume = {4},
    issn = {2213-3437},
    keywords = {CO 2, Greenhouse Gas, Photocatalysis, Renewable Energy, Titania}
}

@article{Zhang2016,
    title = {{Inorganic perovskite photocatalysts for solar energy utilization}},
    year = {2016},
    journal = {Chemical Society Reviews},
    author = {Zhang, Guan and Liu, Gang and Wang, Lianzhou and Irvine, John T S},
    number = {21},
    pages = {5951--5984},
    volume = {45},
    issn = {0306-0012}
}

@article{Zhang2016b,
    title = {{Inorganic perovskite photocatalysts for solar energy utilization}},
    year = {2016},
    journal = {Chemical Society Reviews},
    author = {Zhang, Guan and Liu, Gang and Wang, Lianzhou and Irvine, John T S},
    number = {21},
    pages = {5951--5984},
    volume = {45},
    issn = {0306-0012}
}

@article{Zhang2016c,
    title = {{Inorganic perovskite photocatalysts for solar energy utilization}},
    year = {2016},
    journal = {Chemical Society Reviews},
    author = {Zhang, Guan and Liu, Gang and Wang, Lianzhou and Irvine, John T S},
    number = {21},
    pages = {5951--5984},
    volume = {45},
    issn = {0306-0012}
}

@article{Larkum2010,
    title = {{Limitations and prospects of natural photosynthesis for bioenergy production}},
    year = {2010},
    journal = {Current Opinion in Biotechnology},
    author = {Larkum, Awd},
    number = {3},
    pages = {271},
    volume = {21},
    issn = {0958-1669},
    keywords = {Biomass Energy, Photosynthesis, Plant Biochemistry, Solar Energy}
}

@article{Larkum2010b,
    title = {{Limitations and prospects of natural photosynthesis for bioenergy production}},
    year = {2010},
    journal = {Current Opinion in Biotechnology},
    author = {Larkum, Awd},
    number = {3},
    pages = {271},
    volume = {21},
    issn = {0958-1669},
    keywords = {Biomass Energy, Photosynthesis, Plant Biochemistry, Solar Energy}
}

@article{Larkum2010c,
    title = {{Limitations and prospects of natural photosynthesis for bioenergy production}},
    year = {2010},
    journal = {Current Opinion in Biotechnology},
    author = {Larkum, Awd},
    number = {3},
    pages = {271},
    volume = {21},
    issn = {0958-1669},
    keywords = {Biomass Energy, Photosynthesis, Plant Biochemistry, Solar Energy}
}

@article{Larkum2010d,
    title = {{Limitations and prospects of natural photosynthesis for bioenergy production}},
    year = {2010},
    journal = {Current Opinion in Biotechnology},
    author = {Larkum, Awd},
    number = {3},
    pages = {271},
    volume = {21},
    issn = {0958-1669},
    keywords = {Biomass Energy, Photosynthesis, Plant Biochemistry, Solar Energy}
}

@article{Thampi1987,
    title = {{Methanation and photo-methanation of carbon dioxide at room temperature and atmospheric pressure}},
    year = {1987},
    journal = {Nature},
    author = {Thampi, K Ravindranathan and Kiwi, John and Gratzel, Michael},
    number = {6122},
    pages = {506--508},
    volume = {327},
    url = {http://dx.doi.org/10.1038/327506a0}
}

@article{Thampi1987b,
    title = {{Methanation and photo-methanation of carbon dioxide at room temperature and atmospheric pressure}},
    year = {1987},
    journal = {Nature},
    author = {Thampi, K Ravindranathan and Kiwi, John and Gratzel, Michael},
    number = {6122},
    pages = {506--508},
    volume = {327},
    url = {http://dx.doi.org/10.1038/327506a0}
}

@article{Thampi1987c,
    title = {{Methanation and photo-methanation of carbon dioxide at room temperature and atmospheric pressure}},
    year = {1987},
    journal = {Nature},
    author = {Thampi, K Ravindranathan and Kiwi, John and Gratzel, Michael},
    number = {6122},
    pages = {506--508},
    volume = {327},
    url = {http://dx.doi.org/10.1038/327506a0}
}

@article{Thampi1987d,
    title = {{Methanation and photo-methanation of carbon dioxide at room temperature and atmospheric pressure}},
    year = {1987},
    journal = {Nature},
    author = {Thampi, K Ravindranathan and Kiwi, John and Gratzel, Michael},
    number = {6122},
    pages = {506--508},
    volume = {327},
    url = {http://dx.doi.org/10.1038/327506a0}
}

@book{Khataee2011,
    title = {{Nanostructured Titanium Dioxide Materials : Properties, Preparation and Applications : PROPERTIES, PREPARATION AND APPLICATIONS}},
    year = {2011},
    author = {Khataee, Alireza},
    publisher = {London, SG: World Scientific Publishing Company},
    address = {London},
    issn = {9814374733},
    keywords = {Nanoscience, Science}
}

@book{Khataee2011b,
    title = {{Nanostructured Titanium Dioxide Materials : Properties, Preparation and Applications : PROPERTIES, PREPARATION AND APPLICATIONS}},
    year = {2011},
    author = {Khataee, Alireza},
    publisher = {London, SG: World Scientific Publishing Company},
    address = {London},
    issn = {9814374733},
    keywords = {Nanoscience, Science}
}

@book{Khataee2011c,
    title = {{Nanostructured Titanium Dioxide Materials : Properties, Preparation and Applications : PROPERTIES, PREPARATION AND APPLICATIONS}},
    year = {2011},
    author = {Khataee, Alireza},
    publisher = {London, SG: World Scientific Publishing Company},
    address = {London},
    issn = {9814374733},
    keywords = {Nanoscience, Science}
}

@book{Khataee2011d,
    title = {{Nanostructured Titanium Dioxide Materials : Properties, Preparation and Applications : PROPERTIES, PREPARATION AND APPLICATIONS}},
    year = {2011},
    author = {Khataee, Alireza},
    publisher = {London, SG: World Scientific Publishing Company},
    address = {London},
    issn = {9814374733},
    keywords = {Nanoscience, Science}
}

@misc{Anonymous2011,
    title = {{Nanotechnology - Nanowires: New Nanotechnology - Nanowires Research Reported from Nanyang Technological University}},
    year = {2011},
    booktitle = {Electronics Business Journal},
    author = {{Anonymous}},
    pages = {1607},
    address = {Atlanta},
    issn = {19441614},
    keywords = {Environmental Engineering, Scanning Electron Microscopy, Semiconductors, Spectrum Analysis, X Rays}
}

@misc{Anonymous2011b,
    title = {{Nanotechnology - Nanowires: New Nanotechnology - Nanowires Research Reported from Nanyang Technological University}},
    year = {2011},
    booktitle = {Electronics Business Journal},
    author = {{Anonymous}},
    pages = {1607},
    address = {Atlanta},
    issn = {19441614},
    keywords = {Environmental Engineering, Scanning Electron Microscopy, Semiconductors, Spectrum Analysis, X Rays}
}

@misc{Anonymous2011c,
    title = {{Nanotechnology - Nanowires: New Nanotechnology - Nanowires Research Reported from Nanyang Technological University}},
    year = {2011},
    booktitle = {Electronics Business Journal},
    author = {{Anonymous}},
    pages = {1607},
    address = {Atlanta},
    issn = {19441614},
    keywords = {Environmental Engineering, Scanning Electron Microscopy, Semiconductors, Spectrum Analysis, X Rays}
}

@misc{Anonymous2011d,
    title = {{Nanotechnology - Nanowires: New Nanotechnology - Nanowires Research Reported from Nanyang Technological University}},
    year = {2011},
    booktitle = {Electronics Business Journal},
    author = {{Anonymous}},
    pages = {1607},
    address = {Atlanta},
    issn = {19441614},
    keywords = {Environmental Engineering, Scanning Electron Microscopy, Semiconductors, Spectrum Analysis, X Rays}
}

@article{Liu2015,
    title = {{Nanowire-bacteria hybrids for unassisted solar carbon dioxide fixation to value-added chemicals}},
    year = {2015},
    journal = {Nano Letters},
    author = {Liu, C.a e and Gallagher, J.J.b and Sakimoto, K.K.a and Nichols, E.M.a and Chang, C.J.a b c f and Chang, M.C.Y.a b f and Yang, P.a d e g},
    number = {5},
    pages = {3634--3639},
    volume = {15},
    publisher = {American Chemical Society},
    url = {https://www.scopus.com/inward/record.uri?eid=2-s2.0-84929190956&doi=10.1021%2Facs.nanolett.5b01254&partnerID=40&md5=dc63cb27eb6754afc0cd18601a94f08b},
    doi = {10.1021/acs.nanolett.5b01254},
    issn = {15306984},
    keywords = {Artificial photosynthesis; Carbon dioxide fixatio, Bacteria; Biocompatibility; Carbon; Carbon dioxide, Energy efficiency}
}

@article{Liu2015b,
    title = {{Nanowire-bacteria hybrids for unassisted solar carbon dioxide fixation to value-added chemicals}},
    year = {2015},
    journal = {Nano Letters},
    author = {Liu, C.a e and Gallagher, J.J.b and Sakimoto, K.K.a and Nichols, E.M.a and Chang, C.J.a b c f and Chang, M.C.Y.a b f and Yang, P.a d e g},
    number = {5},
    pages = {3634--3639},
    volume = {15},
    publisher = {American Chemical Society},
    url = {https://www.scopus.com/inward/record.uri?eid=2-s2.0-84929190956&doi=10.1021%2Facs.nanolett.5b01254&partnerID=40&md5=dc63cb27eb6754afc0cd18601a94f08b},
    doi = {10.1021/acs.nanolett.5b01254},
    issn = {15306984},
    keywords = {Artificial photosynthesis; Carbon dioxide fixatio, Bacteria; Biocompatibility; Carbon; Carbon dioxide, Energy efficiency}
}

@article{Liu2015c,
    title = {{Nanowire-bacteria hybrids for unassisted solar carbon dioxide fixation to value-added chemicals}},
    year = {2015},
    journal = {Nano Letters},
    author = {Liu, C.a e and Gallagher, J.J.b and Sakimoto, K.K.a and Nichols, E.M.a and Chang, C.J.a b c f and Chang, M.C.Y.a b f and Yang, P.a d e g},
    number = {5},
    pages = {3634--3639},
    volume = {15},
    publisher = {American Chemical Society},
    url = {https://www.scopus.com/inward/record.uri?eid=2-s2.0-84929190956&doi=10.1021%2Facs.nanolett.5b01254&partnerID=40&md5=dc63cb27eb6754afc0cd18601a94f08b},
    doi = {10.1021/acs.nanolett.5b01254},
    issn = {15306984},
    keywords = {Artificial photosynthesis; Carbon dioxide fixatio, Bacteria; Biocompatibility; Carbon; Carbon dioxide, Energy efficiency}
}

@article{Liu2015d,
    title = {{Nanowire-bacteria hybrids for unassisted solar carbon dioxide fixation to value-added chemicals}},
    year = {2015},
    journal = {Nano Letters},
    author = {Liu, C.a e and Gallagher, J.J.b and Sakimoto, K.K.a and Nichols, E.M.a and Chang, C.J.a b c f and Chang, M.C.Y.a b f and Yang, P.a d e g},
    number = {5},
    pages = {3634--3639},
    volume = {15},
    publisher = {American Chemical Society},
    url = {https://www.scopus.com/inward/record.uri?eid=2-s2.0-84929190956&doi=10.1021%2Facs.nanolett.5b01254&partnerID=40&md5=dc63cb27eb6754afc0cd18601a94f08b},
    doi = {10.1021/acs.nanolett.5b01254},
    issn = {15306984},
    keywords = {Artificial photosynthesis; Carbon dioxide fixatio, Bacteria; Biocompatibility; Carbon; Carbon dioxide, Energy efficiency}
}

@article{Liu2015e,
    title = {{Nanowire-bacteria hybrids for unassisted solar carbon dioxide fixation to value-added chemicals}},
    year = {2015},
    journal = {Nano Letters},
    author = {Liu, C.a e and Gallagher, J.J.b and Sakimoto, K.K.a and Nichols, E.M.a and Chang, C.J.a b c f and Chang, M.C.Y.a b f and Yang, P.a d e g},
    number = {5},
    pages = {3634--3639},
    volume = {15},
    publisher = {American Chemical Society},
    url = {https://www.scopus.com/inward/record.uri?eid=2-s2.0-84929190956&doi=10.1021%2Facs.nanolett.5b01254&partnerID=40&md5=dc63cb27eb6754afc0cd18601a94f08b},
    doi = {10.1021/acs.nanolett.5b01254},
    issn = {15306984},
    keywords = {Artificial photosynthesis; Carbon dioxide fixatio, Bacteria; Biocompatibility; Carbon; Carbon dioxide, Energy efficiency}
}

@book{Razeghifard2013,
    title = {{Natural and Artificial Photosynthesis : Solar Power as an Energy Source}},
    year = {2013},
    booktitle = {Natural and Artificial Photosynthesis},
    author = {Razeghifard, Reza},
    editor = {Razeghifard, Reza},
    publisher = {Wiley},
    address = {Hoboken},
    issn = {1-299-93940-6},
    keywords = {Electronic books, Engineering {\&} Applied Sciences, Mechanical Engineering, Mechanical Engineering - General, Photosynthesis, Photosynthesis -- Industrial applications, Renewable energy sources, Renewable energy sources -- Industrial applicatio, Solar power}
}

@book{Razeghifard2013b,
    title = {{Natural and Artificial Photosynthesis : Solar Power as an Energy Source}},
    year = {2013},
    booktitle = {Natural and Artificial Photosynthesis},
    author = {Razeghifard, Reza},
    editor = {Razeghifard, Reza},
    publisher = {Wiley},
    address = {Hoboken},
    issn = {1-299-93940-6},
    keywords = {Electronic books, Engineering {\&} Applied Sciences, Mechanical Engineering, Mechanical Engineering - General, Photosynthesis, Photosynthesis -- Industrial applications, Renewable energy sources, Renewable energy sources -- Industrial applicatio, Solar power}
}

@book{Razeghifard2013c,
    title = {{Natural and Artificial Photosynthesis : Solar Power as an Energy Source}},
    year = {2013},
    booktitle = {Natural and Artificial Photosynthesis},
    author = {Razeghifard, Reza},
    editor = {Razeghifard, Reza},
    publisher = {Wiley},
    address = {Hoboken},
    issn = {1-299-93940-6},
    keywords = {Electronic books, Engineering {\&} Applied Sciences, Mechanical Engineering, Mechanical Engineering - General, Photosynthesis, Photosynthesis -- Industrial applications, Renewable energy sources, Renewable energy sources -- Industrial applicatio, Solar power}
}

@book{Razeghifard2013d,
    title = {{Natural and Artificial Photosynthesis : Solar Power as an Energy Source}},
    year = {2013},
    booktitle = {Natural and Artificial Photosynthesis},
    author = {Razeghifard, Reza},
    editor = {Razeghifard, Reza},
    publisher = {Wiley},
    address = {Hoboken},
    issn = {1-299-93940-6},
    keywords = {Electronic books, Engineering {\&} Applied Sciences, Mechanical Engineering, Mechanical Engineering - General, Photosynthesis, Photosynthesis -- Industrial applications, Renewable energy sources, Renewable energy sources -- Industrial applicatio, Solar power}
}

@article{Yu2015,
    title = {{NiO-TiO2 p-n heterostructured nanocables bridged by zero-bandgap rGO for highly efficient photocatalytic water splitting}},
    year = {2015},
    journal = {Nano Energy},
    author = {Yu, Xin and Zhang, Jian and Zhao, Zhenhuan and Guo, Weibo and Qiu, Jichuan and Mou, Xiaoning and Li, Aixue and Claverie, Jerome P and Liu, Hong},
    pages = {207--217},
    volume = {16},
    issn = {2211-2855},
    keywords = {Nio-Tio 2, P-N Heterostructure, Photocatalysis, Water Splitting, Zero-Bandgap Rgo}
}

@article{Yu2015b,
    title = {{NiO-TiO2 p-n heterostructured nanocables bridged by zero-bandgap rGO for highly efficient photocatalytic water splitting}},
    year = {2015},
    journal = {Nano Energy},
    author = {Yu, Xin and Zhang, Jian and Zhao, Zhenhuan and Guo, Weibo and Qiu, Jichuan and Mou, Xiaoning and Li, Aixue and Claverie, Jerome P and Liu, Hong},
    pages = {207--217},
    volume = {16},
    issn = {2211-2855},
    keywords = {Nio-Tio 2, P-N Heterostructure, Photocatalysis, Water Splitting, Zero-Bandgap Rgo}
}

@article{Matsuoka2007,
    title = {{Photocatalysis for new energy production: Recent advances in photocatalytic water splitting reactions for hydrogen production}},
    year = {2007},
    journal = {Catalysis Today},
    author = {Matsuoka, Masaya and Kitano, Masaaki and Takeuchi, Masato and Tsujimaru, Koichiro and Anpo, Masakazu and Thomas, John M},
    number = {1},
    pages = {51--61},
    volume = {122},
    issn = {0920-5861},
    keywords = {Photocatalysis, Rf-Magnetron Sputtering Method, Visible Light, Water Splitting}
}

@article{Matsuoka2007b,
    title = {{Photocatalysis for new energy production: Recent advances in photocatalytic water splitting reactions for hydrogen production}},
    year = {2007},
    journal = {Catalysis Today},
    author = {Matsuoka, Masaya and Kitano, Masaaki and Takeuchi, Masato and Tsujimaru, Koichiro and Anpo, Masakazu and Thomas, John M},
    number = {1},
    pages = {51--61},
    volume = {122},
    issn = {0920-5861},
    keywords = {Photocatalysis, Rf-Magnetron Sputtering Method, Visible Light, Water Splitting}
}

@article{Matsuoka2007c,
    title = {{Photocatalysis for new energy production: Recent advances in photocatalytic water splitting reactions for hydrogen production}},
    year = {2007},
    journal = {Catalysis Today},
    author = {Matsuoka, Masaya and Kitano, Masaaki and Takeuchi, Masato and Tsujimaru, Koichiro and Anpo, Masakazu and Thomas, John M},
    number = {1},
    pages = {51--61},
    volume = {122},
    issn = {0920-5861},
    keywords = {Photocatalysis, Rf-Magnetron Sputtering Method, Visible Light, Water Splitting}
}

@article{Matsuoka2007d,
    title = {{Photocatalysis for new energy production: Recent advances in photocatalytic water splitting reactions for hydrogen production}},
    year = {2007},
    journal = {Catalysis Today},
    author = {Matsuoka, Masaya and Kitano, Masaaki and Takeuchi, Masato and Tsujimaru, Koichiro and Anpo, Masakazu and Thomas, John M},
    number = {1},
    pages = {51--61},
    volume = {122},
    issn = {0920-5861},
    keywords = {Photocatalysis, Rf-Magnetron Sputtering Method, Visible Light, Water Splitting}
}

@article{Matsuoka2007e,
    title = {{Photocatalysis for new energy production: Recent advances in photocatalytic water splitting reactions for hydrogen production}},
    year = {2007},
    journal = {Catalysis Today},
    author = {Matsuoka, Masaya and Kitano, Masaaki and Takeuchi, Masato and Tsujimaru, Koichiro and Anpo, Masakazu and Thomas, John M},
    number = {1},
    pages = {51--61},
    volume = {122},
    issn = {0920-5861},
    keywords = {Photocatalysis, Rf-Magnetron Sputtering Method, Visible Light, Water Splitting}
}

@article{Xie2015,
    title = {{Photocatalytic and photoelectrocatalytic reduction of CO 2 using heterogeneous catalysts with controlled nanostructures}},
    year = {2015},
    journal = {Chemical Communications},
    author = {Xie, Shunji and Zhang, Qinghong and Liu, Guodong and Wang, Ye},
    number = {1},
    pages = {35--59},
    volume = {52},
    issn = {1359-7345}
}

@article{Xie2015b,
    title = {{Photocatalytic and photoelectrocatalytic reduction of CO 2 using heterogeneous catalysts with controlled nanostructures}},
    year = {2015},
    journal = {Chemical Communications},
    author = {Xie, Shunji and Zhang, Qinghong and Liu, Guodong and Wang, Ye},
    number = {1},
    pages = {35--59},
    volume = {52},
    issn = {1359-7345}
}

@book{Krol2011,
    title = {{Photoelectrochemical Hydrogen Production}},
    year = {2011},
    booktitle = {Electronic Materials: Science {\&} Technology, Volume 102},
    author = {Krol, R van de},
    editor = {Grätzel, Michael and service), SpringerLink (Online},
    pages = {--},
    publisher = {Springer US},
    issn = {1-4614-1379-6},
    keywords = {Chemical {\&} Materials Engineering, Chemical Engineering, Electronic books, Engineering {\&} Applied Sciences, Hydrogen, Mechanical Engineering, Mechanical Engineering - General, Photochemistry -- Industrial applications, Renewable energy sources}
}

@book{Krol2011b,
    title = {{Photoelectrochemical Hydrogen Production}},
    year = {2011},
    booktitle = {Electronic Materials: Science {\&} Technology, Volume 102},
    author = {Krol, R van de},
    editor = {Grätzel, Michael and service), SpringerLink (Online},
    pages = {--},
    publisher = {Springer US},
    issn = {1-4614-1379-6},
    keywords = {Chemical {\&} Materials Engineering, Chemical Engineering, Electronic books, Engineering {\&} Applied Sciences, Hydrogen, Mechanical Engineering, Mechanical Engineering - General, Photochemistry -- Industrial applications, Renewable energy sources}
}

@book{Krol2011c,
    title = {{Photoelectrochemical Hydrogen Production}},
    year = {2011},
    booktitle = {Electronic Materials: Science {\&} Technology, Volume 102},
    author = {Krol, R van de},
    editor = {Grätzel, Michael and service), SpringerLink (Online},
    pages = {--},
    publisher = {Springer US},
    issn = {1-4614-1379-6},
    keywords = {Chemical {\&} Materials Engineering, Chemical Engineering, Electronic books, Engineering {\&} Applied Sciences, Hydrogen, Mechanical Engineering, Mechanical Engineering - General, Photochemistry -- Industrial applications, Renewable energy sources}
}

@book{Krol2011d,
    title = {{Photoelectrochemical Hydrogen Production}},
    year = {2011},
    booktitle = {Electronic Materials: Science {\&} Technology, Volume 102},
    author = {Krol, R van de},
    editor = {Grätzel, Michael and service), SpringerLink (Online},
    pages = {--},
    publisher = {Springer US},
    issn = {1-4614-1379-6},
    keywords = {Chemical {\&} Materials Engineering, Chemical Engineering, Electronic books, Engineering {\&} Applied Sciences, Hydrogen, Mechanical Engineering, Mechanical Engineering - General, Photochemistry -- Industrial applications, Renewable energy sources}
}

@misc{Krewald2016,
    title = {{Principles of Natural Photosynthesis}},
    year = {2016},
    booktitle = {Solar Energy For Fuels},
    author = {Krewald, V and Retegan, M and Pantazis, Da},
    pages = {23--48},
    volume = {371},
    issn = {0340-1022}
}

@book{Krewald2015,
    title = {{Principles of natural photosynthesis}},
    year = {2015},
    booktitle = {Topics in Current Chemistry},
    author = {Krewald, V and Retegan, M and Pantazis, D A},
    pages = {23--48},
    volume = {371},
    issn = {03401022},
    keywords = {Manganese, Oxygen-Evolving Complex, Photosystem II, Water Oxidation}
}

@misc{Krewald2016b,
    title = {{Principles of Natural Photosynthesis}},
    year = {2016},
    booktitle = {Solar Energy For Fuels},
    author = {Krewald, V and Retegan, M and Pantazis, Da},
    pages = {23--48},
    volume = {371},
    issn = {0340-1022}
}

@book{Krewald2015b,
    title = {{Principles of natural photosynthesis}},
    year = {2015},
    booktitle = {Topics in Current Chemistry},
    author = {Krewald, V and Retegan, M and Pantazis, D A},
    pages = {23--48},
    volume = {371},
    issn = {03401022},
    keywords = {Manganese, Oxygen-Evolving Complex, Photosystem II, Water Oxidation}
}

@book{Krewald2015c,
    title = {{Principles of natural photosynthesis}},
    year = {2015},
    booktitle = {Topics in Current Chemistry},
    author = {Krewald, V and Retegan, M and Pantazis, D A},
    pages = {23--48},
    volume = {371},
    issn = {03401022},
    keywords = {Manganese, Oxygen-Evolving Complex, Photosystem II, Water Oxidation}
}

@misc{Krewald2016c,
    title = {{Principles of Natural Photosynthesis}},
    year = {2016},
    booktitle = {Solar Energy For Fuels},
    author = {Krewald, V and Retegan, M and Pantazis, Da},
    pages = {23--48},
    volume = {371},
    issn = {0340-1022}
}

@misc{Krewald2016d,
    title = {{Principles of Natural Photosynthesis}},
    year = {2016},
    booktitle = {Solar Energy For Fuels},
    author = {Krewald, V and Retegan, M and Pantazis, Da},
    pages = {23--48},
    volume = {371},
    issn = {0340-1022}
}

@book{Krewald2015d,
    title = {{Principles of natural photosynthesis}},
    year = {2015},
    booktitle = {Topics in Current Chemistry},
    author = {Krewald, V and Retegan, M and Pantazis, D A},
    pages = {23--48},
    volume = {371},
    issn = {03401022},
    keywords = {Manganese, Oxygen-Evolving Complex, Photosystem II, Water Oxidation}
}

@article{Fan2013,
    title = {{Semiconductor-based nanocomposites for photocatalytic H 2 production and CO 2 conversion}},
    year = {2013},
    journal = {Physical Chemistry Chemical Physics},
    author = {Fan, Wenqing and Zhang, Qinghong and Wang, Ye},
    number = {8},
    pages = {2632--2649},
    volume = {15},
    issn = {1463-9076}
}

@article{Fan2013b,
    title = {{Semiconductor-based nanocomposites for photocatalytic H 2 production and CO 2 conversion}},
    year = {2013},
    journal = {Physical Chemistry Chemical Physics},
    author = {Fan, Wenqing and Zhang, Qinghong and Wang, Ye},
    number = {8},
    pages = {2632--2649},
    volume = {15},
    issn = {1463-9076}
}

@article{Fan2013c,
    title = {{Semiconductor-based nanocomposites for photocatalytic H 2 production and CO 2 conversion}},
    year = {2013},
    journal = {Physical Chemistry Chemical Physics},
    author = {Fan, Wenqing and Zhang, Qinghong and Wang, Ye},
    number = {8},
    pages = {2632--2649},
    volume = {15},
    issn = {1463-9076}
}

@article{Fan2013d,
    title = {{Semiconductor-based nanocomposites for photocatalytic H 2 production and CO 2 conversion}},
    year = {2013},
    journal = {Physical Chemistry Chemical Physics},
    author = {Fan, Wenqing and Zhang, Qinghong and Wang, Ye},
    number = {8},
    pages = {2632--2649},
    volume = {15},
    issn = {1463-9076}
}

@article{Fan2013e,
    title = {{Semiconductor-based nanocomposites for photocatalytic H 2 production and CO 2 conversion}},
    year = {2013},
    journal = {Physical Chemistry Chemical Physics},
    author = {Fan, Wenqing and Zhang, Qinghong and Wang, Ye},
    number = {8},
    pages = {2632--2649},
    volume = {15},
    issn = {1463-9076}
}

@book{SICD,
    title = {{SI Chemical Data}},
    year = {2008},
    author = {Aylward, G and Findlay, T},
    edition = {6th ed.},
    publisher = {John Wiley {\&} Sons Australia, Ltd},
    address = {42 McDougall Street, Milton, Qld 4064}
}

@article{Liu2012,
    title = {{Spontaneous dissociation of CO 2 to CO on defective surface of Cu(I)/TiO 2- x nanoparticles at room temperature}},
    year = {2012},
    journal = {Journal of Physical Chemistry C},
    author = {Liu, L and Zhao, C and Li, Y},
    number = {14},
    pages = {7904--7912},
    volume = {116},
    url = {https://www.scopus.com/inward/record.uri?eid=2-s2.0-84859749695&doi=10.1021%2Fjp300932b&partnerID=40&md5=7eb6d1d4d1468ebffadb585e74567671},
    address = {University of Wisconsin-Milwaukee, Mechanical Engineering Department, 3200 North Cramer Street, Milwaukee, WI 53211, United States},
    issn = {19327447 (ISSN)},
    keywords = {Adsorbed CO, Carbon dioxide, DRIFT spectra, Defect-free surfaces, Dissociation, Electron attachment, Electronic charges, Fourier transform infrared spectroscopy, Gas adsorption, Gas annealing, Gas chromatography, In-situ, Inert gases, Metal oxide catalysts, Metallic compounds, Moderate temperature, Oxygen, Oxygen atom, Oxygen vacancies, Photocatalytic reduction, Photoillumination, Room temperature, Surface defects, Surface oxygen vacancies, Thermal-annealing}
}

@article{Liu2012b,
    title = {{Spontaneous dissociation of CO 2 to CO on defective surface of Cu(I)/TiO 2- x nanoparticles at room temperature}},
    year = {2012},
    journal = {Journal of Physical Chemistry C},
    author = {Liu, L and Zhao, C and Li, Y},
    number = {14},
    pages = {7904--7912},
    volume = {116},
    url = {https://www.scopus.com/inward/record.uri?eid=2-s2.0-84859749695&doi=10.1021%2Fjp300932b&partnerID=40&md5=7eb6d1d4d1468ebffadb585e74567671},
    address = {University of Wisconsin-Milwaukee, Mechanical Engineering Department, 3200 North Cramer Street, Milwaukee, WI 53211, United States},
    issn = {19327447 (ISSN)},
    keywords = {Adsorbed CO, Carbon dioxide, DRIFT spectra, Defect-free surfaces, Dissociation, Electron attachment, Electronic charges, Fourier transform infrared spectroscopy, Gas adsorption, Gas annealing, Gas chromatography, In-situ, Inert gases, Metal oxide catalysts, Metallic compounds, Moderate temperature, Oxygen, Oxygen atom, Oxygen vacancies, Photocatalytic reduction, Photoillumination, Room temperature, Surface defects, Surface oxygen vacancies, Thermal-annealing}
}

@article{Liu2012c,
    title = {{Spontaneous dissociation of CO 2 to CO on defective surface of Cu(I)/TiO 2- x nanoparticles at room temperature}},
    year = {2012},
    journal = {Journal of Physical Chemistry C},
    author = {Liu, L and Zhao, C and Li, Y},
    number = {14},
    pages = {7904--7912},
    volume = {116},
    url = {https://www.scopus.com/inward/record.uri?eid=2-s2.0-84859749695&doi=10.1021%2Fjp300932b&partnerID=40&md5=7eb6d1d4d1468ebffadb585e74567671},
    address = {University of Wisconsin-Milwaukee, Mechanical Engineering Department, 3200 North Cramer Street, Milwaukee, WI 53211, United States},
    issn = {19327447 (ISSN)},
    keywords = {Adsorbed CO, Carbon dioxide, DRIFT spectra, Defect-free surfaces, Dissociation, Electron attachment, Electronic charges, Fourier transform infrared spectroscopy, Gas adsorption, Gas annealing, Gas chromatography, In-situ, Inert gases, Metal oxide catalysts, Metallic compounds, Moderate temperature, Oxygen, Oxygen atom, Oxygen vacancies, Photocatalytic reduction, Photoillumination, Room temperature, Surface defects, Surface oxygen vacancies, Thermal-annealing}
}

@article{Liu2012d,
    title = {{Spontaneous dissociation of CO 2 to CO on defective surface of Cu(I)/TiO 2- x nanoparticles at room temperature}},
    year = {2012},
    journal = {Journal of Physical Chemistry C},
    author = {Liu, L and Zhao, C and Li, Y},
    number = {14},
    pages = {7904--7912},
    volume = {116},
    url = {https://www.scopus.com/inward/record.uri?eid=2-s2.0-84859749695&doi=10.1021%2Fjp300932b&partnerID=40&md5=7eb6d1d4d1468ebffadb585e74567671},
    address = {University of Wisconsin-Milwaukee, Mechanical Engineering Department, 3200 North Cramer Street, Milwaukee, WI 53211, United States},
    issn = {19327447 (ISSN)},
    keywords = {Adsorbed CO, Carbon dioxide, DRIFT spectra, Defect-free surfaces, Dissociation, Electron attachment, Electronic charges, Fourier transform infrared spectroscopy, Gas adsorption, Gas annealing, Gas chromatography, In-situ, Inert gases, Metal oxide catalysts, Metallic compounds, Moderate temperature, Oxygen, Oxygen atom, Oxygen vacancies, Photocatalytic reduction, Photoillumination, Room temperature, Surface defects, Surface oxygen vacancies, Thermal-annealing}
}

@article{Sun2001,
    title = {{Supramolecular catalysts for light-induced production of fuel, based on the principles of natural photosynthesis}},
    year = {2001},
    journal = {Journal Of Inorganic Biochemistry},
    author = {Sun, L C and Akermark, B and Hammarstrom, L and Styring, S},
    number = {1},
    pages = {447},
    volume = {86},
    issn = {0162-0134}
}

@article{Sun2001b,
    title = {{Supramolecular catalysts for light-induced production of fuel, based on the principles of natural photosynthesis}},
    year = {2001},
    journal = {Journal Of Inorganic Biochemistry},
    author = {Sun, L C and Akermark, B and Hammarstrom, L and Styring, S},
    number = {1},
    pages = {447},
    volume = {86},
    issn = {0162-0134}
}

@article{Sun2001c,
    title = {{Supramolecular catalysts for light-induced production of fuel, based on the principles of natural photosynthesis}},
    year = {2001},
    journal = {Journal Of Inorganic Biochemistry},
    author = {Sun, L C and Akermark, B and Hammarstrom, L and Styring, S},
    number = {1},
    pages = {447},
    volume = {86},
    issn = {0162-0134}
}

@article{Sun2001d,
    title = {{Supramolecular catalysts for light-induced production of fuel, based on the principles of natural photosynthesis}},
    year = {2001},
    journal = {Journal Of Inorganic Biochemistry},
    author = {Sun, L C and Akermark, B and Hammarstrom, L and Styring, S},
    number = {1},
    pages = {447},
    volume = {86},
    issn = {0162-0134}
}

@article{Wang2013,
    title = {{Synthesis of CdS/CNTs photocatalysts and study of hydrogen production by photocatalytic water splitting}},
    year = {2013},
    journal = {International Journal Of Hydrogen Energy},
    author = {Wang, X X and Liu, M C and Chen, Qy and Zhang, K and Chen, J and Wang, M and Guo, Ph and Guo, Lj},
    number = {29},
    pages = {13091--13096},
    volume = {38},
    issn = {0360-3199}
}

@article{Wang2013b,
    title = {{Synthesis of CdS/CNTs photocatalysts and study of hydrogen production by photocatalytic water splitting}},
    year = {2013},
    journal = {International Journal Of Hydrogen Energy},
    author = {Wang, X X and Liu, M C and Chen, Qy and Zhang, K and Chen, J and Wang, M and Guo, Ph and Guo, Lj},
    number = {29},
    pages = {13091--13096},
    volume = {38},
    issn = {0360-3199}
}

@misc{EconomicCo-operation2008,
    title = {{Test No. 316: Phototransformation of Chemicals in Water - Direct Photolysis}},
    year = {2008},
    booktitle = {TEST NO. 316},
    editor = {for Economic Co-operation, Organisation and {Development}},
    pages = {--},
    publisher = {OECD Publishing},
    address = {Paris},
    keywords = {Environment}
}

@article{Zhang2016a,
    title = {{The dependence of photocatalytic activity on the selective and nonselective deposition of noble metal cocatalysts on the facets of rutile TiO2}},
    year = {2016},
    journal = {Journal of Catalysis},
    author = {Zhang, Qiao and Li, Rengui and Li, Zheng and Li, Ailong and Wang, Shengyang and Liang, Zhenxing and Liao, Shijun and Li, Can},
    pages = {36--44},
    volume = {337},
    issn = {0021-9517},
    keywords = {Charge Separation, Crystal Facets, Hydrogen Production, Photocatalysis, Rutile Tio 2}
}

@article{Zhang2016ab,
    title = {{The dependence of photocatalytic activity on the selective and nonselective deposition of noble metal cocatalysts on the facets of rutile TiO2}},
    year = {2016},
    journal = {Journal of Catalysis},
    author = {Zhang, Qiao and Li, Rengui and Li, Zheng and Li, Ailong and Wang, Shengyang and Liang, Zhenxing and Liao, Shijun and Li, Can},
    pages = {36--44},
    volume = {337},
    issn = {0021-9517},
    keywords = {Charge Separation, Crystal Facets, Hydrogen Production, Photocatalysis, Rutile Tio 2}
}

@book{Morkoc2013,
    title = {{The p-n Junction}},
    year = {2013},
    author = {Morko{\c{c}}, Hadis},
    pages = {177--192},
    publisher = {Weinheim, Germany: Wiley‐VCH Verlag GmbH {\&} Co. KGaA},
    address = {Weinheim, Germany},
    keywords = {Band Alignment, Bandgaps, Conduction, Diffusion Current, Heterojunctions, Semiconductors}
}

@book{Morkoc2013b,
    title = {{The p-n Junction}},
    year = {2013},
    author = {Morko{\c{c}}, Hadis},
    pages = {177--192},
    publisher = {Weinheim, Germany: Wiley‐VCH Verlag GmbH {\&} Co. KGaA},
    address = {Weinheim, Germany},
    keywords = {Band Alignment, Bandgaps, Conduction, Diffusion Current, Heterojunctions, Semiconductors}
}

@book{Morkoc2013c,
    title = {{The p-n Junction}},
    year = {2013},
    author = {Morko{\c{c}}, Hadis},
    pages = {177--192},
    publisher = {Weinheim, Germany: Wiley‐VCH Verlag GmbH {\&} Co. KGaA},
    address = {Weinheim, Germany},
    keywords = {Band Alignment, Bandgaps, Conduction, Diffusion Current, Heterojunctions, Semiconductors}
}

@book{Morkoc2013d,
    title = {{The p-n Junction}},
    year = {2013},
    author = {Morko{\c{c}}, Hadis},
    pages = {177--192},
    publisher = {Weinheim, Germany: Wiley‐VCH Verlag GmbH {\&} Co. KGaA},
    address = {Weinheim, Germany},
    keywords = {Band Alignment, Bandgaps, Conduction, Diffusion Current, Heterojunctions, Semiconductors}
}

@article{Ji2016,
    title = {{Theoretical Study on the Mechanism of Photoreduction of CO2 to CH4 on the Anatase TiO2(101) Surface}},
    year = {2016},
    journal = {ACS Catalysis},
    author = {Ji, Y and Luo, Y},
    number = {3},
    pages = {2018--2025},
    volume = {6},
    publisher = {American Chemical Society},
    url = {https://www.scopus.com/inward/record.uri?eid=2-s2.0-84960122862&doi=10.1021%2Facscatal.5b02694&partnerID=40&md5=fe360cd130669d8ec8f6cf80e4164673},
    address = {Hefei National Laboratory for Physical Sciences at the Microscale, University of Science and Technology of China, Anhui, China},
    issn = {21555435 (ISSN)},
    keywords = {Artificial photosynthesis, Calculations, Carbon dioxide, Charge separations, Density functional theory, Energy policy, First-principles calculation, Formaldehyde, Formic acid, Global warming, Molecular mechanism, Molecular physics, Molecules, Photo-decomposition, Photooxidation, Photosynthesis, Potential energy, Potential energy surfaces, Quantum chemistry, Rate-limiting steps, Solar energy, Theoretical study, TiO2, Titanium dioxide, Two-electron process, artificial photosynthesis, density functional theory, potential energy surface, solar energy}
}

@article{Ji2016b,
    title = {{Theoretical Study on the Mechanism of Photoreduction of CO2 to CH4 on the Anatase TiO2(101) Surface}},
    year = {2016},
    journal = {ACS Catalysis},
    author = {Ji, Y and Luo, Y},
    number = {3},
    pages = {2018--2025},
    volume = {6},
    publisher = {American Chemical Society},
    url = {https://www.scopus.com/inward/record.uri?eid=2-s2.0-84960122862&doi=10.1021%2Facscatal.5b02694&partnerID=40&md5=fe360cd130669d8ec8f6cf80e4164673},
    address = {Hefei National Laboratory for Physical Sciences at the Microscale, University of Science and Technology of China, Anhui, China},
    issn = {21555435 (ISSN)},
    keywords = {Artificial photosynthesis, Calculations, Carbon dioxide, Charge separations, Density functional theory, Energy policy, First-principles calculation, Formaldehyde, Formic acid, Global warming, Molecular mechanism, Molecular physics, Molecules, Photo-decomposition, Photooxidation, Photosynthesis, Potential energy, Potential energy surfaces, Quantum chemistry, Rate-limiting steps, Solar energy, Theoretical study, TiO2, Titanium dioxide, Two-electron process, artificial photosynthesis, density functional theory, potential energy surface, solar energy}
}

@article{Ji2016c,
    title = {{Theoretical Study on the Mechanism of Photoreduction of CO2 to CH4 on the Anatase TiO2(101) Surface}},
    year = {2016},
    journal = {ACS Catalysis},
    author = {Ji, Y and Luo, Y},
    number = {3},
    pages = {2018--2025},
    volume = {6},
    publisher = {American Chemical Society},
    url = {https://www.scopus.com/inward/record.uri?eid=2-s2.0-84960122862&doi=10.1021%2Facscatal.5b02694&partnerID=40&md5=fe360cd130669d8ec8f6cf80e4164673},
    address = {Hefei National Laboratory for Physical Sciences at the Microscale, University of Science and Technology of China, Anhui, China},
    issn = {21555435 (ISSN)},
    keywords = {Artificial photosynthesis, Calculations, Carbon dioxide, Charge separations, Density functional theory, Energy policy, First-principles calculation, Formaldehyde, Formic acid, Global warming, Molecular mechanism, Molecular physics, Molecules, Photo-decomposition, Photooxidation, Photosynthesis, Potential energy, Potential energy surfaces, Quantum chemistry, Rate-limiting steps, Solar energy, Theoretical study, TiO2, Titanium dioxide, Two-electron process, artificial photosynthesis, density functional theory, potential energy surface, solar energy}
}

@article{Ji2016d,
    title = {{Theoretical Study on the Mechanism of Photoreduction of CO2 to CH4 on the Anatase TiO2(101) Surface}},
    year = {2016},
    journal = {ACS Catalysis},
    author = {Ji, Y and Luo, Y},
    number = {3},
    pages = {2018--2025},
    volume = {6},
    publisher = {American Chemical Society},
    url = {https://www.scopus.com/inward/record.uri?eid=2-s2.0-84960122862&doi=10.1021%2Facscatal.5b02694&partnerID=40&md5=fe360cd130669d8ec8f6cf80e4164673},
    address = {Hefei National Laboratory for Physical Sciences at the Microscale, University of Science and Technology of China, Anhui, China},
    issn = {21555435 (ISSN)},
    keywords = {Artificial photosynthesis, Calculations, Carbon dioxide, Charge separations, Density functional theory, Energy policy, First-principles calculation, Formaldehyde, Formic acid, Global warming, Molecular mechanism, Molecular physics, Molecules, Photo-decomposition, Photooxidation, Photosynthesis, Potential energy, Potential energy surfaces, Quantum chemistry, Rate-limiting steps, Solar energy, Theoretical study, TiO2, Titanium dioxide, Two-electron process, artificial photosynthesis, density functional theory, potential energy surface, solar energy}
}

@article{Subramanian2013,
    title = {{TiO2 nanotubes and its composites: Photocatalytic and other photo-driven applications}},
    year = {2013},
    journal = {Journal of Materials Research},
    author = {Subramanian, Vaidyanathan and Sarker, Swagatom and Yu, Bowen and Kar, Archana and Sun, Xiaodi and Dey, Sandwip},
    number = {3},
    pages = {280--293},
    volume = {28},
    address = {Warrendale},
    issn = {08842914}
}

@article{Subramanian2013b,
    title = {{TiO2 nanotubes and its composites: Photocatalytic and other photo-driven applications}},
    year = {2013},
    journal = {Journal of Materials Research},
    author = {Subramanian, Vaidyanathan and Sarker, Swagatom and Yu, Bowen and Kar, Archana and Sun, Xiaodi and Dey, Sandwip},
    number = {3},
    pages = {280--293},
    volume = {28},
    address = {Warrendale},
    issn = {08842914}
}

@article{Subramanian2013c,
    title = {{TiO2 nanotubes and its composites: Photocatalytic and other photo-driven applications}},
    year = {2013},
    journal = {Journal of Materials Research},
    author = {Subramanian, Vaidyanathan and Sarker, Swagatom and Yu, Bowen and Kar, Archana and Sun, Xiaodi and Dey, Sandwip},
    number = {3},
    pages = {280--293},
    volume = {28},
    address = {Warrendale},
    issn = {08842914}
}

@article{Subramanian2013d,
    title = {{TiO2 nanotubes and its composites: Photocatalytic and other photo-driven applications}},
    year = {2013},
    journal = {Journal of Materials Research},
    author = {Subramanian, Vaidyanathan and Sarker, Swagatom and Yu, Bowen and Kar, Archana and Sun, Xiaodi and Dey, Sandwip},
    number = {3},
    pages = {280--293},
    volume = {28},
    address = {Warrendale},
    issn = {08842914}
}

@article{Subramanian2013e,
    title = {{TiO2 nanotubes and its composites: Photocatalytic and other photo-driven applications}},
    year = {2013},
    journal = {Journal of Materials Research},
    author = {Subramanian, Vaidyanathan and Sarker, Swagatom and Yu, Bowen and Kar, Archana and Sun, Xiaodi and Dey, Sandwip},
    number = {3},
    pages = {280--293},
    volume = {28},
    address = {Warrendale},
    issn = {08842914}
}

@article{Kibombo2012,
    title = {{Versatility of heterogeneous photocatalysis: synthetic methodologies epitomizing the role of silica support in TiO 2 based mixed oxides}},
    year = {2012},
    journal = {Catalysis Science {\&} Technology},
    author = {Kibombo, Harrison S and Peng, Rui and Rasalingam, Shivatharsiny and Koodali, Ranjit T},
    number = {9},
    pages = {1737--1766},
    volume = {2},
    issn = {2044-4753}
}

@article{Kibombo2012b,
    title = {{Versatility of heterogeneous photocatalysis: synthetic methodologies epitomizing the role of silica support in TiO 2 based mixed oxides}},
    year = {2012},
    journal = {Catalysis Science {\&} Technology},
    author = {Kibombo, Harrison S and Peng, Rui and Rasalingam, Shivatharsiny and Koodali, Ranjit T},
    number = {9},
    pages = {1737--1766},
    volume = {2},
    issn = {2044-4753}
}

@article{Kibombo2012c,
    title = {{Versatility of heterogeneous photocatalysis: synthetic methodologies epitomizing the role of silica support in TiO 2 based mixed oxides}},
    year = {2012},
    journal = {Catalysis Science {\&} Technology},
    author = {Kibombo, Harrison S and Peng, Rui and Rasalingam, Shivatharsiny and Koodali, Ranjit T},
    number = {9},
    pages = {1737--1766},
    volume = {2},
    issn = {2044-4753}
}

@article{Kibombo2012d,
    title = {{Versatility of heterogeneous photocatalysis: synthetic methodologies epitomizing the role of silica support in TiO 2 based mixed oxides}},
    year = {2012},
    journal = {Catalysis Science {\&} Technology},
    author = {Kibombo, Harrison S and Peng, Rui and Rasalingam, Shivatharsiny and Koodali, Ranjit T},
    number = {9},
    pages = {1737--1766},
    volume = {2},
    issn = {2044-4753}
}

@article{Kibombo2012e,
    title = {{Versatility of heterogeneous photocatalysis: synthetic methodologies epitomizing the role of silica support in TiO 2 based mixed oxides}},
    year = {2012},
    journal = {Catalysis Science {\&} Technology},
    author = {Kibombo, Harrison S and Peng, Rui and Rasalingam, Shivatharsiny and Koodali, Ranjit T},
    number = {9},
    pages = {1737--1766},
    volume = {2},
    issn = {2044-4753}
}

@article{Han2015HighlyWater,
    title = {{Highly Efficient Temperature-Induced Visible Light Photocatalytic Hydrogen Production from Water}},
    year = {2015},
    journal = {The Journal of Physical Chemistry C},
    author = {Han, Bing and Hu, Yun Hang},
    number = {33},
    pages = {18927--18934},
    volume = {119},
    url = {http://pubs.acs.org/doi/abs/10.1021/acs.jpcc.5b04894},
    isbn = {1932-7447{\textbackslash}r1932-7455},
    doi = {10.1021/acs.jpcc.5b04894},
    issn = {1932-7447}
}

@misc{NoTitle,
    title = {{No Title}}
}

@misc{NoTitleb,
    title = {{No Title}}
}

@article{Ismail2014PhotochemicalReview,
    title = {{Photochemical splitting of water for hydrogen production by photocatalysis: A review}},
    year = {2014},
    journal = {Solar Energy Materials and Solar Cells},
    author = {Ismail, Adel A. and Bahnemann, Detlef W.},
    number = {September},
    pages = {85--101},
    volume = {128},
    publisher = {Elsevier},
    url = {http://dx.doi.org/10.1016/j.solmat.2014.04.037},
    isbn = {0927-0248},
    doi = {10.1016/j.solmat.2014.04.037},
    issn = {09270248},
    keywords = {Hydrogen production, Photocatalysts, UV and visible illumination, Water splitting}
}

@article{Wang2013SynthesisSplitting,
    title = {{Synthesis of CdS/CNTs photocatalysts and study of hydrogen production by photocatalytic water splitting}},
    year = {2013},
    journal = {International Journal of Hydrogen Energy},
    author = {Wang, Xixi and Liu, Maochang and Chen, Qingyun and Zhang, Kai and Chen, Jie and Wang, Meng and Guo, Penghui and Guo, Liejin},
    number = {29},
    pages = {13091--13096},
    volume = {38},
    publisher = {Elsevier Ltd},
    url = {http://dx.doi.org/10.1016/j.ijhydene.2013.03.016},
    isbn = {0360-3199},
    doi = {10.1016/j.ijhydene.2013.03.016},
    issn = {03603199},
    keywords = {CNTs, CdS, Hydrogen production, Photocatalysts}
}

@article{Fechete2012TheCatalysis,
    title = {{The past, present and future of heterogeneous catalysis}},
    year = {2012},
    journal = {Catalysis Today},
    author = {Fechete, Ioana and Wang, Ye and V??drine, Jacques C.},
    number = {1},
    pages = {2--27},
    volume = {189},
    isbn = {0920-5861},
    doi = {10.1016/j.cattod.2012.04.003},
    issn = {09205861},
    keywords = {Challenges, Chemicals, Energy, Environment, Future, Heterogeneous catalysis, History, Industrial realisations, New materials}
}

@article{Kibombo2012VersatilityOxides,
    title = {{Versatility of heterogeneous photocatalysis: synthetic methodologies epitomizing the role of silica support in TiO2 based mixed oxides}},
    year = {2012},
    journal = {Catalysis Science {\&} Technology},
    author = {Kibombo, Harrison S. and Peng, Rui and Rasalingam, Shivatharsiny and Koodali, Ranjit T.},
    number = {9},
    pages = {1737},
    volume = {2},
    url = {http://xlink.rsc.org/?DOI=c2cy20247f},
    isbn = {2044-4753},
    doi = {10.1039/c2cy20247f},
    issn = {2044-4753}
}